<record><leader>00000cas a22000007a 4500</leader><controlfield tag="001">10060662</controlfield><controlfield tag="008">831026d18981898ohuwr ne      0    0eng d</controlfield><datafield ind1=" " ind2=" " tag="010"><subfield code="a">sn 83035586 </subfield></datafield><datafield ind1=" " ind2=" " tag="040"><subfield code="a">NPY</subfield><subfield code="b">eng</subfield><subfield code="c">NPY</subfield><subfield code="d">OCLCQ</subfield></datafield><datafield ind1=" " ind2=" " tag="042"><subfield code="a">msc</subfield></datafield><datafield ind1="0" ind2=" " tag="130"><subfield code="a">Sunday voice (Cleveland, Ohio : 1898)</subfield></datafield><datafield ind1="1" ind2="4" tag="245"><subfield code="a">The Sunday voice.</subfield></datafield><datafield ind1=" " ind2=" " tag="260"><subfield code="a">Cleveland [Ohio] :</subfield><subfield code="b">Voice Co.,</subfield><subfield code="c">1898.</subfield></datafield><datafield ind1=" " ind2=" " tag="300"><subfield code="a">1 v. :</subfield><subfield code="b">ill. ;</subfield><subfield code="c">56 cm.</subfield></datafield><datafield ind1=" " ind2=" " tag="310"><subfield code="a">Weekly</subfield></datafield><datafield ind1="0" ind2=" " tag="362"><subfield code="a">Vol. 28, no. 10 (Jan. 16, 1898)-v. 28, no. 36 (July 17, 1898).</subfield></datafield><datafield ind1=" " ind2=" " tag="500"><subfield code="a">"Republican." Cf. Gutgesell, S. Guide to Ohio newspapers, 1974.</subfield></datafield><datafield ind1=" " ind2=" " tag="515"><subfield code="a">Volumes called years.</subfield></datafield><datafield ind1=" " ind2=" " tag="525"><subfield code="a">Some issues include art supplements.</subfield></datafield><datafield ind1=" " ind2=" " tag="752"><subfield code="a">United States</subfield><subfield code="b">Ohio</subfield><subfield code="c">Cuyahoga</subfield><subfield code="d">Cleveland.</subfield></datafield><datafield ind1="0" ind2="0" tag="780"><subfield code="t">Sunday voice and Clevelander</subfield><subfield code="w">(DLC)sn 83035585</subfield></datafield><datafield ind1="0" ind2="0" tag="785"><subfield code="t">Voice (Cleveland, Ohio : 1898)</subfield><subfield code="w">(DLC)sn 83035587</subfield></datafield><datafield ind1="1" ind2=" " tag="029"><subfield code="a">AU@</subfield><subfield code="b">000025786117</subfield></datafield></record>